@proceedings{DBLP:conf/qest/2011,
  title     = {Eighth International Conference on Quantitative Evaluation of Systems,
               {QEST} 2011, Aachen, Germany, 5-8 September, 2011},
  publisher = {{IEEE} Computer Society},
  year      = {2011},
  url       = {http://ieeexplore.ieee.org/xpl/mostRecentIssue.jsp?punumber=6041098},
  isbn      = {978-1-4577-0973-9},
  timestamp = {Fri, 08 Aug 2014 15:28:23 +0200},
  biburl    = {http://dblp.uni-trier.de/rec/bib/conf/qest/2011},
  bibsource = {dblp computer science bibliography, http://dblp.org}
}

@book{PBMeasure,
  author    = {Patrick Billingsley},
  title     = {{P}robability and  {M}easure},
  publisher = {Wiley},
  year      = {2012},
  isbn      = {978-1-118-12237-2},
  edition   = {Anniversary Edition}
}

@book{DBLP:books/daglib/0020348,
  author    = {Christel Baier and
               Joost{-}Pieter Katoen},
  title     = {{P}rinciples of {M}odel {C}hecking},
  publisher = {{MIT} Press},
  year      = {2008},
  isbn      = {978-0-262-02649-9},
  timestamp = {Tue, 15 Feb 2011 11:22:37 +0100},
  biburl    = {http://dblp.uni-trier.de/rec/bib/books/daglib/0020348},
  bibsource = {dblp computer science bibliography, http://dblp.org}
}

@article{DBLP:journals/fmsd/NormanPS13,
  author    = {Gethin Norman and
               David Parker and
               Jeremy Sproston},
  title     = {Model checking for probabilistic timed automata},
  journal   = {Formal Methods in System Design},
  volume    = {43},
  number    = {2},
  pages     = {164--190},
  year      = {2013},
  url       = {http://dx.doi.org/10.1007/s10703-012-0177-x},
  doi       = {10.1007/s10703-012-0177-x},
  timestamp = {Thu, 23 Apr 2015 07:32:33 +0200},
  biburl    = {http://dblp.uni-trier.de/rec/bib/journals/fmsd/NormanPS13},
  bibsource = {dblp computer science bibliography, http://dblp.org}
}

@article{DBLP:journals/tcs/Beauquier03,
  author    = {Dani{\`{e}}le Beauquier},
  title     = {On probabilistic timed automata},
  journal   = {Theor. Comput. Sci.},
  volume    = {292},
  number    = {1},
  pages     = {65--84},
  year      = {2003},
  url       = {http://dx.doi.org/10.1016/S0304-3975(01)00215-8},
  doi       = {10.1016/S0304-3975(01)00215-8},
  timestamp = {Wed, 07 Sep 2011 12:13:21 +0200},
  biburl    = {http://dblp.uni-trier.de/rec/bib/journals/tcs/Beauquier03},
  bibsource = {dblp computer science bibliography, http://dblp.org}
}

@article{DBLP:journals/tcs/KwiatkowskaNSS02,
  author    = {Marta Z. Kwiatkowska and
               Gethin Norman and
               Roberto Segala and
               Jeremy Sproston},
  title     = {Automatic verification of real-time systems with discrete probability
               distributions},
  journal   = {Theor. Comput. Sci.},
  volume    = {282},
  number    = {1},
  pages     = {101--150},
  year      = {2002},
  url       = {http://dx.doi.org/10.1016/S0304-3975(01)00046-9},
  doi       = {10.1016/S0304-3975(01)00046-9},
  timestamp = {Wed, 19 Nov 2003 16:10:56 +0100},
  biburl    = {http://dblp.uni-trier.de/rec/bib/journals/tcs/KwiatkowskaNSS02},
  bibsource = {dblp computer science bibliography, http://dblp.org}
}

@article{DBLP:journals/tcs/AlurD94,
  author    = {Rajeev Alur and
               David L. Dill},
  title     = {A Theory of Timed Automata},
  journal   = {Theor. Comput. Sci.},
  volume    = {126},
  number    = {2},
  pages     = {183--235},
  year      = {1994},
  url       = {http://dx.doi.org/10.1016/0304-3975(94)90010-8},
  doi       = {10.1016/0304-3975(94)90010-8},
  timestamp = {Wed, 07 Sep 2011 12:13:21 +0200},
  biburl    = {http://dblp.uni-trier.de/rec/bib/journals/tcs/AlurD94},
  bibsource = {dblp computer science bibliography, http://dblp.org}
}

@book{PutermanMDP,
  author    = {Martin L. Puterman},
  title     = {Markov Decision Processes: Discrete Stochastic Dynamic Programming},
  publisher = {John Wiley \& Sons, Inc.},
  year      = {1994},
  isbn      = {9780471619772}
}

@article{DBLP:journals/fmsd/AndreFS13,
  author    = {{\'{E}}tienne Andr{\'{e}} and
               Laurent Fribourg and
               Jeremy Sproston},
  title     = {An extension of the inverse method to probabilistic timed automata},
  journal   = {Formal Methods in System Design},
  volume    = {42},
  number    = {2},
  pages     = {119--145},
  year      = {2013},
  url       = {http://dx.doi.org/10.1007/s10703-012-0169-x},
  doi       = {10.1007/s10703-012-0169-x},
  timestamp = {Fri, 12 Apr 2013 10:17:34 +0200},
  biburl    = {http://dblp.uni-trier.de/rec/bib/journals/fmsd/AndreFS13},
  bibsource = {dblp computer science bibliography, http://dblp.org}
}

@inproceedings{DBLP:conf/tamc/BerendsenCJ09,
  author    = {Jasper Berendsen and
               Taolue Chen and
               David N. Jansen},
  title     = {Undecidability of Cost-Bounded Reachability in Priced Probabilistic
               Timed Automata},
  booktitle = {Theory and Applications of Models of Computation, 6th Annual Conference,
               {TAMC} 2009, Changsha, China, May 18-22, 2009. Proceedings},
  pages     = {128--137},
  year      = {2009},
  crossref  = {DBLP:conf/tamc/2009},
  url       = {http://dx.doi.org/10.1007/978-3-642-02017-9_16},
  doi       = {10.1007/978-3-642-02017-9_16},
  timestamp = {Mon, 18 May 2009 11:24:54 +0200},
  biburl    = {http://dblp.uni-trier.de/rec/bib/conf/tamc/BerendsenCJ09},
  bibsource = {dblp computer science bibliography, http://dblp.org}
}

@proceedings{DBLP:conf/tamc/2009,
  editor    = {Jianer Chen and
               S. Barry Cooper},
  title     = {Theory and Applications of Models of Computation, 6th Annual Conference,
               {TAMC} 2009, Changsha, China, May 18-22, 2009. Proceedings},
  series    = {Lecture Notes in Computer Science},
  volume    = {5532},
  publisher = {Springer},
  year      = {2009},
  url       = {http://dx.doi.org/10.1007/978-3-642-02017-9},
  doi       = {10.1007/978-3-642-02017-9},
  isbn      = {978-3-642-02016-2},
  timestamp = {Mon, 18 May 2009 11:12:28 +0200},
  biburl    = {http://dblp.uni-trier.de/rec/bib/conf/tamc/2009},
  bibsource = {dblp computer science bibliography, http://dblp.org}
}

@article{DBLP:journals/iandc/KwiatkowskaNSW07,
  author    = {Marta Z. Kwiatkowska and
               Gethin Norman and
               Jeremy Sproston and
               Fuzhi Wang},
  title     = {Symbolic model checking for probabilistic timed automata},
  journal   = {Inf. Comput.},
  volume    = {205},
  number    = {7},
  pages     = {1027--1077},
  year      = {2007},
  url       = {http://dx.doi.org/10.1016/j.ic.2007.01.004},
  doi       = {10.1016/j.ic.2007.01.004},
  timestamp = {Mon, 02 Jul 2007 20:47:25 +0200},
  biburl    = {http://dblp.uni-trier.de/rec/bib/journals/iandc/KwiatkowskaNSW07},
  bibsource = {dblp computer science bibliography, http://dblp.org}
}

@inproceedings{DBLP:conf/formats/KwiatkowskaNP09,
  author    = {Marta Z. Kwiatkowska and
               Gethin Norman and
               David Parker},
  title     = {Stochastic Games for Verification of Probabilistic Timed Automata},
  booktitle = {Formal Modeling and Analysis of Timed Systems, 7th International Conference,
               {FORMATS} 2009, Budapest, Hungary, September 14-16, 2009. Proceedings},
  pages     = {212--227},
  year      = {2009},
  crossref  = {DBLP:conf/formats/2009},
  url       = {http://dx.doi.org/10.1007/978-3-642-04368-0_17},
  doi       = {10.1007/978-3-642-04368-0_17},
  timestamp = {Thu, 23 Apr 2015 07:32:34 +0200},
  biburl    = {http://dblp.uni-trier.de/rec/bib/conf/formats/KwiatkowskaNP09},
  bibsource = {dblp computer science bibliography, http://dblp.org}
}

@proceedings{DBLP:conf/formats/2009,
  editor    = {Jo{\"{e}}l Ouaknine and
               Frits W. Vaandrager},
  title     = {Formal Modeling and Analysis of Timed Systems, 7th International Conference,
               {FORMATS} 2009, Budapest, Hungary, September 14-16, 2009. Proceedings},
  series    = {Lecture Notes in Computer Science},
  volume    = {5813},
  publisher = {Springer},
  year      = {2009},
  url       = {http://dx.doi.org/10.1007/978-3-642-04368-0},
  doi       = {10.1007/978-3-642-04368-0},
  isbn      = {978-3-642-04367-3},
  timestamp = {Sat, 05 Sep 2009 16:31:09 +0200},
  biburl    = {http://dblp.uni-trier.de/rec/bib/conf/formats/2009},
  bibsource = {dblp computer science bibliography, http://dblp.org}
}

@inproceedings{DBLP:conf/formats/JovanovicKN15,
  author    = {Aleksandra Jovanovic and
               Marta Z. Kwiatkowska and
               Gethin Norman},
  title     = {Symbolic Minimum Expected Time Controller Synthesis for Probabilistic
               Timed Automata},
  booktitle = {Formal Modeling and Analysis of Timed Systems - 13th International
               Conference, {FORMATS} 2015, Madrid, Spain, September 2-4, 2015, Proceedings},
  pages     = {140--155},
  year      = {2015},
  crossref  = {DBLP:conf/formats/2015},
  url       = {http://dx.doi.org/10.1007/978-3-319-22975-1_10},
  doi       = {10.1007/978-3-319-22975-1_10},
  timestamp = {Mon, 24 Aug 2015 16:27:41 +0200},
  biburl    = {http://dblp.uni-trier.de/rec/bib/conf/formats/JovanovicKN15},
  bibsource = {dblp computer science bibliography, http://dblp.org}
}

@proceedings{DBLP:conf/formats/2015,
  editor    = {Sriram Sankaranarayanan and
               Enrico Vicario},
  title     = {Formal Modeling and Analysis of Timed Systems - 13th International
               Conference, {FORMATS} 2015, Madrid, Spain, September 2-4, 2015, Proceedings},
  series    = {Lecture Notes in Computer Science},
  volume    = {9268},
  publisher = {Springer},
  year      = {2015},
  url       = {http://dx.doi.org/10.1007/978-3-319-22975-1},
  doi       = {10.1007/978-3-319-22975-1},
  isbn      = {978-3-319-22974-4},
  timestamp = {Mon, 24 Aug 2015 16:27:03 +0200},
  biburl    = {http://dblp.uni-trier.de/rec/bib/conf/formats/2015},
  bibsource = {dblp computer science bibliography, http://dblp.org}
}

@inproceedings{DBLP:conf/concur/JurdzinskiKNT09,
  author    = {Marcin Jurdzinski and
               Marta Z. Kwiatkowska and
               Gethin Norman and
               Ashutosh Trivedi},
  title     = {Concavely-Priced Probabilistic Timed Automata},
  booktitle = {{CONCUR} 2009 - Concurrency Theory, 20th International Conference,
               {CONCUR} 2009, Bologna, Italy, September 1-4, 2009. Proceedings},
  pages     = {415--430},
  year      = {2009},
  crossref  = {DBLP:conf/concur/2009},
  url       = {http://dx.doi.org/10.1007/978-3-642-04081-8_28},
  doi       = {10.1007/978-3-642-04081-8_28},
  timestamp = {Fri, 04 Sep 2009 09:08:46 +0200},
  biburl    = {http://dblp.uni-trier.de/rec/bib/conf/concur/JurdzinskiKNT09},
  bibsource = {dblp computer science bibliography, http://dblp.org}
}

@proceedings{DBLP:conf/concur/2009,
  editor    = {Mario Bravetti and
               Gianluigi Zavattaro},
  title     = {{CONCUR} 2009 - Concurrency Theory, 20th International Conference,
               {CONCUR} 2009, Bologna, Italy, September 1-4, 2009. Proceedings},
  series    = {Lecture Notes in Computer Science},
  volume    = {5710},
  publisher = {Springer},
  year      = {2009},
  url       = {http://dx.doi.org/10.1007/978-3-642-04081-8},
  doi       = {10.1007/978-3-642-04081-8},
  isbn      = {978-3-642-04080-1},
  timestamp = {Fri, 04 Sep 2009 09:07:46 +0200},
  biburl    = {http://dblp.uni-trier.de/rec/bib/conf/concur/2009},
  bibsource = {dblp computer science bibliography, http://dblp.org}
}

@article{DBLP:journals/fmsd/KwiatkowskaNPS06,
  author    = {Marta Z. Kwiatkowska and
               Gethin Norman and
               David Parker and
               Jeremy Sproston},
  title     = {Performance analysis of probabilistic timed automata using digital
               clocks},
  journal   = {Formal Methods in System Design},
  volume    = {29},
  number    = {1},
  pages     = {33--78},
  year      = {2006},
  url       = {http://dx.doi.org/10.1007/s10703-006-0005-2},
  doi       = {10.1007/s10703-006-0005-2},
  timestamp = {Thu, 23 Apr 2015 07:32:35 +0200},
  biburl    = {http://dblp.uni-trier.de/rec/bib/journals/fmsd/KwiatkowskaNPS06},
  bibsource = {dblp computer science bibliography, http://dblp.org}
}

@article{DBLP:journals/lmcs/JurdzinskiSL08,
  author    = {Marcin Jurdzinski and
               Jeremy Sproston and
               Fran{\c{c}}ois Laroussinie},
  title     = {Model Checking Probabilistic Timed Automata with One or Two Clocks},
  journal   = {Logical Methods in Computer Science},
  volume    = {4},
  number    = {3},
  year      = {2008},
  url       = {http://dx.doi.org/10.2168/LMCS-4(3:12)2008},
  doi       = {10.2168/LMCS-4(3:12)2008},
  timestamp = {Tue, 28 Jul 2009 15:08:17 +0200},
  biburl    = {http://dblp.uni-trier.de/rec/bib/journals/lmcs/JurdzinskiSL08},
  bibsource = {dblp computer science bibliography, http://dblp.org}
}

@article{DBLP:journals/ipl/LaroussinieS07,
  author    = {Fran{\c{c}}ois Laroussinie and
               Jeremy Sproston},
  title     = {State explosion in almost-sure probabilistic reachability},
  journal   = {Inf. Process. Lett.},
  volume    = {102},
  number    = {6},
  pages     = {236--241},
  year      = {2007},
  url       = {http://dx.doi.org/10.1016/j.ipl.2007.01.003},
  doi       = {10.1016/j.ipl.2007.01.003},
  timestamp = {Mon, 30 Apr 2007 09:31:31 +0200},
  biburl    = {http://dblp.uni-trier.de/rec/bib/journals/ipl/LaroussinieS07},
  bibsource = {dblp computer science bibliography, http://dblp.org}
}

@inproceedings{JensenPTA,
  author    = {Henrik Ejersbo Jensen},
  title     = {Model Checking Probabilistic Real Time Systems},
  booktitle = {7th Nordic Workshop on Programming Theory},
  publisher = {Chalmers University of Technology},
  year      = {1996},
  note      = {{R}eport 86},
  pages     = {247--261}
}

@inproceedings{DBLP:conf/cav/KwiatkowskaNP11,
  author    = {Marta Z. Kwiatkowska and
               Gethin Norman and
               David Parker},
  title     = {{PRISM} 4.0: Verification of Probabilistic Real-Time Systems},
  booktitle = {Computer Aided Verification - 23rd International Conference, {CAV}
               2011, Snowbird, UT, USA, July 14-20, 2011. Proceedings},
  pages     = {585--591},
  year      = {2011},
  crossref  = {DBLP:conf/cav/2011},
  url       = {http://dx.doi.org/10.1007/978-3-642-22110-1_47},
  doi       = {10.1007/978-3-642-22110-1_47},
  timestamp = {Thu, 23 Apr 2015 07:32:34 +0200},
  biburl    = {http://dblp.uni-trier.de/rec/bib/conf/cav/KwiatkowskaNP11},
  bibsource = {dblp computer science bibliography, http://dblp.org}
}

@proceedings{DBLP:conf/cav/2011,
  editor    = {Ganesh Gopalakrishnan and
               Shaz Qadeer},
  title     = {Computer Aided Verification - 23rd International Conference, {CAV}
               2011, Snowbird, UT, USA, July 14-20, 2011. Proceedings},
  series    = {Lecture Notes in Computer Science},
  volume    = {6806},
  publisher = {Springer},
  year      = {2011},
  url       = {http://dx.doi.org/10.1007/978-3-642-22110-1},
  doi       = {10.1007/978-3-642-22110-1},
  isbn      = {978-3-642-22109-5},
  timestamp = {Mon, 11 Jul 2011 13:20:54 +0200},
  biburl    = {http://dblp.uni-trier.de/rec/bib/conf/cav/2011},
  bibsource = {dblp computer science bibliography, http://dblp.org}
}

@article{DBLP:journals/tse/DonatelliHS09,
  author    = {Susanna Donatelli and
               Serge Haddad and
               Jeremy Sproston},
  title     = {Model Checking Timed and Stochastic Properties with {CSL}{\^{}}\{TA\}},
  journal   = {{IEEE} Trans. Software Eng.},
  volume    = {35},
  number    = {2},
  pages     = {224--240},
  year      = {2009},
  url       = {http://dx.doi.org/10.1109/TSE.2008.108},
  doi       = {10.1109/TSE.2008.108},
  timestamp = {Thu, 10 Dec 2015 11:33:20 +0100},
  biburl    = {http://dblp.uni-trier.de/rec/bib/journals/tse/DonatelliHS09},
  bibsource = {dblp computer science bibliography, http://dblp.org}
}

@article{DBLP:journals/corr/abs-1101-3694,
  author    = {Taolue Chen and
               Tingting Han and
               Joost{-}Pieter Katoen and
               Alexandru Mereacre},
  title     = {Model Checking of Continuous-Time {M}arkov Chains Against Timed Automata
               Specifications},
  journal   = {Logical Methods in Computer Science},
  volume    = {7},
  number    = {1},
  year      = {2011},
  url       = {http://dx.doi.org/10.2168/LMCS-7(1:12)2011},
  doi       = {10.2168/LMCS-7(1:12)2011},
  timestamp = {Fri, 19 Dec 2014 07:21:58 +0100},
  biburl    = {http://dblp.uni-trier.de/rec/bib/journals/corr/abs-1101-3694},
  bibsource = {dblp computer science bibliography, http://dblp.org}
}

@inproceedings{DBLP:conf/hybrid/Fu13,
  author    = {Hongfei Fu},
  title     = {Approximating acceptance probabilities of {CTMC}-paths on multi-clock
               deterministic timed automata},
  booktitle = {Proceedings of the 16th international conference on Hybrid systems:
               computation and control, {HSCC} 2013, April 8-11, 2013, Philadelphia,
               PA, {USA}},
  pages     = {323--332},
  year      = {2013},
  crossref  = {DBLP:conf/hybrid/2013},
  url       = {http://doi.acm.org/10.1145/2461328.2461376},
  doi       = {10.1145/2461328.2461376},
  timestamp = {Fri, 03 May 2013 21:31:34 +0200},
  biburl    = {http://dblp.uni-trier.de/rec/bib/conf/hybrid/Fu13},
  bibsource = {dblp computer science bibliography, http://dblp.org}
}

@proceedings{DBLP:conf/hybrid/2013,
  editor    = {Calin Belta and
               Franjo Ivancic},
  title     = {Proceedings of the 16th international conference on Hybrid systems:
               computation and control, {HSCC} 2013, April 8-11, 2013, Philadelphia,
               PA, {USA}},
  publisher = {{ACM}},
  year      = {2013},
  url       = {http://dl.acm.org/citation.cfm?id=2461328},
  isbn      = {978-1-4503-1567-8},
  timestamp = {Fri, 03 May 2013 21:31:34 +0200},
  biburl    = {http://dblp.uni-trier.de/rec/bib/conf/hybrid/2013},
  bibsource = {dblp computer science bibliography, http://dblp.org}
}

@inproceedings{DBLP:conf/hybrid/BrazdilKKKR11,
  author    = {Tom{\'{a}}s Br{\'{a}}zdil and
               Jan Krc{\'{a}}l and
               Jan Kret{\'{\i}}nsk{\'{y}} and
               Anton{\'{\i}}n Kucera and
               Vojtech Reh{\'{a}}k},
  title     = {Measuring performance of continuous-time stochastic processes using
               timed automata},
  booktitle = {Proceedings of the 14th {ACM} International Conference on Hybrid Systems:
               Computation and Control, {HSCC} 2011, Chicago, IL, USA, April 12-14,
               2011},
  pages     = {33--42},
  year      = {2011},
  crossref  = {DBLP:conf/hybrid/2011},
  url       = {http://doi.acm.org/10.1145/1967701.1967709},
  doi       = {10.1145/1967701.1967709},
  timestamp = {Sat, 05 Nov 2011 23:06:46 +0100},
  biburl    = {http://dblp.uni-trier.de/rec/bib/conf/hybrid/BrazdilKKKR11},
  bibsource = {dblp computer science bibliography, http://dblp.org}
}

@proceedings{DBLP:conf/hybrid/2011,
  editor    = {Marco Caccamo and
               Emilio Frazzoli and
               Radu Grosu},
  title     = {Proceedings of the 14th {ACM} International Conference on Hybrid Systems:
               Computation and Control, {HSCC} 2011, Chicago, IL, USA, April 12-14,
               2011},
  publisher = {{ACM}},
  year      = {2011},
  isbn      = {978-1-4503-0629-4},
  timestamp = {Sat, 05 Nov 2011 23:06:46 +0100},
  biburl    = {http://dblp.uni-trier.de/rec/bib/conf/hybrid/2011},
  bibsource = {dblp computer science bibliography, http://dblp.org}
}

@inproceedings{DBLP:conf/tacas/BarbotCHKM11,
  author    = {Beno{\^{\i}}t Barbot and
               Taolue Chen and
               Tingting Han and
               Joost{-}Pieter Katoen and
               Alexandru Mereacre},
  title     = {Efficient {CTMC} Model Checking of Linear Real-Time Objectives},
  booktitle = {Tools and Algorithms for the Construction and Analysis of Systems
               - 17th International Conference, {TACAS} 2011, Held as Part of the
               Joint European Conferences on Theory and Practice of Software, {ETAPS}
               2011, Saarbr{\"{u}}cken, Germany, March 26-April 3, 2011. Proceedings},
  pages     = {128--142},
  year      = {2011},
  crossref  = {DBLP:conf/tacas/2011},
  url       = {http://dx.doi.org/10.1007/978-3-642-19835-9_12},
  doi       = {10.1007/978-3-642-19835-9_12},
  timestamp = {Fri, 19 Dec 2014 07:21:55 +0100},
  biburl    = {http://dblp.uni-trier.de/rec/bib/conf/tacas/BarbotCHKM11},
  bibsource = {dblp computer science bibliography, http://dblp.org}
}

@proceedings{DBLP:conf/tacas/2011,
  editor    = {Parosh Aziz Abdulla and
               K. Rustan M. Leino},
  title     = {Tools and Algorithms for the Construction and Analysis of Systems
               - 17th International Conference, {TACAS} 2011, Held as Part of the
               Joint European Conferences on Theory and Practice of Software, {ETAPS}
               2011, Saarbr{\"{u}}cken, Germany, March 26-April 3, 2011. Proceedings},
  series    = {Lecture Notes in Computer Science},
  volume    = {6605},
  publisher = {Springer},
  year      = {2011},
  url       = {http://dx.doi.org/10.1007/978-3-642-19835-9},
  doi       = {10.1007/978-3-642-19835-9},
  isbn      = {978-3-642-19834-2},
  timestamp = {Tue, 22 Mar 2011 10:43:24 +0100},
  biburl    = {http://dblp.uni-trier.de/rec/bib/conf/tacas/2011},
  bibsource = {dblp computer science bibliography, http://dblp.org}
}

@inproceedings{DBLP:conf/formats/BortolussiL15,
  author    = {Luca Bortolussi and
               Roberta Lanciani},
  title     = {Fluid Model Checking of Timed Properties},
  booktitle = {Formal Modeling and Analysis of Timed Systems - 13th International
               Conference, {FORMATS} 2015, Madrid, Spain, September 2-4, 2015, Proceedings},
  pages     = {172--188},
  year      = {2015},
  crossref  = {DBLP:conf/formats/2015},
  url       = {http://dx.doi.org/10.1007/978-3-319-22975-1_12},
  doi       = {10.1007/978-3-319-22975-1_12},
  timestamp = {Mon, 24 Aug 2015 16:27:41 +0200},
  biburl    = {http://dblp2.uni-trier.de/rec/bib/conf/formats/BortolussiL15},
  bibsource = {dblp computer science bibliography, http://dblp.org}
}

@article{DBLP:journals/tcs/AlurD94,
  author    = {Rajeev Alur and
               David L. Dill},
  title     = {A Theory of Timed Automata},
  journal   = {Theor. Comput. Sci.},
  volume    = {126},
  number    = {2},
  pages     = {183--235},
  year      = {1994},
  url       = {http://dx.doi.org/10.1016/0304-3975(94)90010-8},
  doi       = {10.1016/0304-3975(94)90010-8},
  timestamp = {Wed, 07 Sep 2011 12:13:21 +0200},
  biburl    = {http://dblp.uni-trier.de/rec/bib/journals/tcs/AlurD94},
  bibsource = {dblp computer science bibliography, http://dblp.org}
}

@inproceedings{DBLP:conf/qest/Sproston11,
  author    = {Jeremy Sproston},
  title     = {Discrete-Time Verification and Control for Probabilistic Rectangular
               Hybrid Automata},
  booktitle = {Eighth International Conference on Quantitative Evaluation of Systems,
               {QEST} 2011, Aachen, Germany, 5-8 September, 2011},
  pages     = {79--88},
  year      = {2011},
  crossref  = {DBLP:conf/qest/2011},
  url       = {https://doi.org/10.1109/QEST.2011.18},
  doi       = {10.1109/QEST.2011.18},
  timestamp = {Fri, 26 May 2017 00:51:19 +0200},
  biburl    = {http://dblp.uni-trier.de/rec/bib/conf/qest/Sproston11},
  bibsource = {dblp computer science bibliography, http://dblp.org}
}

@inproceedings{DBLP:conf/tapsoft/Vaandrager97,
  author    = {Frits W. Vaandrager},
  title     = {A Theory of Testing for Timed Automata (Abstract)},
  booktitle = {TAPSOFT'97: Theory and Practice of Software Development, 7th International
               Joint Conference CAAP/FASE, Lille, France, April 14-18, 1997, Proceedings},
  pages     = {39},
  year      = {1997},
  crossref  = {DBLP:conf/tapsoft/1997},
  url       = {https://doi.org/10.1007/BFb0030587},
  doi       = {10.1007/BFb0030587},
  timestamp = {Mon, 22 May 2017 17:11:20 +0200},
  biburl    = {http://dblp.uni-trier.de/rec/bib/conf/tapsoft/Vaandrager97},
  bibsource = {dblp computer science bibliography, http://dblp.org}
}